% This is a BibTeX file containing references used in a LaTeX document.
% BibTeX is a tool that allows you to automatically generate a bibliography or reference list for your LaTeX document.
% You can change any of the references and entries here to suit the needs of your team's project.
% Each entry represents a different source, and you can cite them in your LaTeX document using the associated citation key (e.g., USDA2022, Vaswani).

@misc{USDA2022,
 author = {USDA National Agricultural Statistics Service},
 title = {2022 Census of Agriculture},
 note = {\url{https://www.nass.usda.gov/Publications/AgCensus/2022/Online\_Resources/County\_Profiles/Oregon/cp41001.pdf}},
 year = 2022
}

@article{Vaswani,
author = {A. Vaswani, N. Shazeer, N. Parmar, J. Uszkoreit, L. Jones, A. Gomez,},
title = {Attention is all you need},
journal = {Advances in Neural Information Processing Systems},
pages = {5998-6008}, 
year = 2017
}

@misc{MODIS,author = {Hall, D. K. and G. A. Riggs}, title={MODIS/Terra Snow Cover Daily L3 Global 0.05Deg CMG, Version 61}, url={https://nsidc.org/data/MOD10C1/versions/61}, DOI={10.5067/MODIS/MOD10C1.061}, publisher={NASA National Snow and Ice Data Center Distributed Active Archive Center}, author={Hall, D. K. and G. A. Riggs.}, year={2021} }

@MISC{Hydromet,
    author = {{Bureau of Reclamation}},
    year = {2023},
    title        = "Hydromet Pacific Northwest Region",
    booktitle    = "Bureau of Reclamation",
    author       = "{Bureau of Reclamation}",
    abstract     = "Hydromet, Pacific Northwest Region, Bureau of Reclamation -
                  Managing water and power in the West",
    howpublished = "\url{https://www.usbr.gov/pn/hydromet/}",
    note         = "Accessed: 2023-10-11",
    language     = "en"
}